@TechReport{edf89,
author = {Groupe de travail 'Terre'},
title = {Principes de conception et de réalisation des mises à la terre},
institution = {Electricité de France},
year = {1984},
OPTkey = {•},
OPTtype = {•},
OPTnumber = {•},
OPTaddress = {Clamart},
OPTmonth = {jan},
OPTnote = {•},
OPTannote = {•}
}

@Book{frank10,
ALTauthor = {Frank D. PETRUZELLA},
ALTeditor = {Elizabeth Haefele},
title = {Electric motors and control systems},
publisher = {McGraw-Hill Companies, Inc},
year = {2010},
OPTkey = {•},
OPTvolume = {•},
OPTnumber = {•},
OPTseries = {•},
OPTaddress = {New York},
OPTedition = {•},
OPTmonth = {•},
OPTnote = {•},
OPTannote = {•}
}

@Book{•,
ALTauthor = {Keith w. switzer},
ALTeditor = {•},
title = {Pratical guide to electrical grounding},
publisher = {•},
year = {1999},
OPTkey = {•},
OPTvolume = {•},
OPTnumber = {•},
OPTseries = {•},
OPTaddress = {Ohio},
OPTedition = {1},
OPTmonth = {aug},
OPTnote = {•},
OPTannote = {•}
}

